@BOOK{Brilliantov:2004book,
	title = {{K}inetic {T}heory of {G}ranular {G}ases},
	publisher = {{O}xford {U}niversity {P}ress},
	author = {Brilliantov, N.~V. and P\"{o}schel, T.},
	year = {2004},
	edition = {1st},
}

@ARTICLE{Smith:2013jd,
	author = {Jones, A.~B. and Smith, J.~M.},
	title = {{A}rticle {T}itle},
	journal = {{J}ournal {T}itle},
	year = {2013},
	volume = {13},
	pages = {123-456},
	number = {52},
	month = {March},
	publisher = {Publisher}
}